<record><leader>00000cas a22000007a 4500</leader><controlfield tag="001">32432730</controlfield><controlfield tag="008">950506c19949999inudn ne      0    0eng d</controlfield><datafield ind1=" " ind2=" " tag="010"><subfield code="a">sn 95067506 </subfield></datafield><datafield ind1=" " ind2=" " tag="040"><subfield code="a">NPI</subfield><subfield code="b">eng</subfield><subfield code="c">NPI</subfield><subfield code="d">OCLCQ</subfield><subfield code="d">CUS</subfield></datafield><datafield ind1=" " ind2=" " tag="042"><subfield code="a">msc</subfield></datafield><datafield ind1=" " ind2="4" tag="050"><subfield code="a">AN</subfield></datafield><datafield ind1="0" ind2=" " tag="130"><subfield code="a">Tribune (Seymour, Ind.)</subfield></datafield><datafield ind1="1" ind2="4" tag="245"><subfield code="a">The tribune.</subfield></datafield><datafield ind1="1" ind2="0" tag="246"><subfield code="a">Seymour tribune</subfield></datafield><datafield ind1=" " ind2=" " tag="260"><subfield code="a">Seymour, Ind. :</subfield><subfield code="b">L. Thurman Gil,</subfield><subfield code="c">1994-</subfield></datafield><datafield ind1=" " ind2=" " tag="300"><subfield code="a">v. :</subfield><subfield code="b">ill. ;</subfield><subfield code="c">58 cm.</subfield></datafield><datafield ind1=" " ind2=" " tag="310"><subfield code="a">Daily (except Sundays and holidays)</subfield></datafield><datafield ind1="0" ind2=" " tag="362"><subfield code="a">Sept. 10, 1994-</subfield></datafield><datafield ind1=" " ind2=" " tag="500"><subfield code="a">At head of title, Sept. 10, 1994-Dec. 31, 1996: Seymour; Jan. 1, 1997- : Jackson County.</subfield></datafield><datafield ind1=" " ind2=" " tag="752"><subfield code="a">United States</subfield><subfield code="b">Indiana</subfield><subfield code="c">Jackson</subfield><subfield code="d">Seymour.</subfield></datafield><datafield ind1="0" ind2="8" tag="776"><subfield code="i">Online version:</subfield><subfield code="t">Tribune (Seymour, Ind.)</subfield><subfield code="w">(OCoLC)247447149</subfield></datafield><datafield ind1="0" ind2="0" tag="780"><subfield code="a">Seymour daily tribune</subfield><subfield code="w">(DLC)sn 85048002</subfield></datafield><datafield ind1="4" ind2="1" tag="856"><subfield code="u">http://search.ebscohost.com/login.aspx?direct=true&amp;db=nfh&amp;jid=Tribune__The__Seymour__IN_&amp;site=ehost-live</subfield></datafield></record>